@book{rethinking,
title = {{Statistical rethinking: A bayesian course with examples in R and Stan}},
author = {McElreath, Richard},
language = {eng},
isbn = {9781482253443},
publisher = {CRC Press},
address = {Boca Raton},
year = {2016},
date = {2016},
pages = {xvii, 469},
series = {{Texts in Statistical Science}},
}

@Article{R-brms_a,
  title = {{brms}: An {R} Package for {Bayesian} Multilevel Models Using {Stan}},
  author = {Paul-Christian B{\"u}rkner},
  journal = {Journal of Statistical Software},
  year = {2017},
  volume = {80},
  number = {1},
  pages = {1--28},
  doi = {10.18637/jss.v080.i01},
  encoding = {UTF-8},
}

@Manual{R-base,
  title = {R: A Language and Environment for Statistical Computing},
  author = {{R Core Team}},
  organization = {R Foundation for Statistical Computing},
  address = {Vienna, Austria},
  year = {2018},
  }
  
  @article{primates2019collaborative,
  title={Collaborative open science as a way to reproducibility and new insights in primate cognition research},
  author={ManyPrimates and Altschul, Drew M and Beran, Michael J and Bohn, Manuel and Caspar, Kai R and Fichtel, Claudia and F{\"o}rsterling, Marlene and Grebe, Nicholas M and Hernandez-Aguilar, R Adriana and Kwok, Sze Chai and others},
  journal={Japanese Psychological Review},
  volume={62},
  number={103},
  pages={205--220},
  year={2019}
}

@article{many2019establishing,
  title={Establishing an infrastructure for collaboration in primate cognition research},
  author={ManyPrimates and Altschul, Drew M and Beran, Michael J and Bohn, Manuel and Call, Josep and DeTroy, Sarah and Duguid, Shona J and Egelkamp, Crystal L and Fichtel, Claudia and Fischer, Julia and others},
  journal={PLoS One},
  volume={14},
  number={10},
  pages={e0223675},
  year={2019},
  publisher={Public Library of Science San Francisco, CA USA}
}


@article{hedge2018reliability,
  title={The reliability paradox: Why robust cognitive tasks do not produce reliable individual differences},
  author={Hedge, Craig and Powell, Georgina and Sumner, Petroc},
  journal={Behavior Research Methods},
  volume={50},
  number={3},
  pages={1166--1186},
  year={2018},
  publisher={Springer}
}


@article{westfall2016statistically,
  title={Statistically controlling for confounding constructs is harder than you think},
  author={Westfall, Jacob and Yarkoni, Tal},
  journal={PloS one},
  volume={11},
  number={3},
  pages={e0152719},
  year={2016},
  publisher={Public Library of Science San Francisco, CA USA}
}

@article{allritz2016chimpanzees,
  title={How chimpanzees (Pan troglodytes) perform in a modified emotional Stroop task},
  author={Allritz, Matthias and Call, Josep and Borkenau, Peter},
  journal={Animal cognition},
  volume={19},
  number={3},
  pages={435--449},
  year={2016},
  publisher={Springer}
}

@article{vasconcelos2008transitive,
  title={Transitive inference in non-human animals: An empirical and theoretical analysis},
  author={Vasconcelos, Marco},
  journal={Behavioural Processes},
  volume={78},
  number={3},
  pages={313--334},
  year={2008},
  publisher={Elsevier}
}


@article{farrar2020replications,
  title={Replications in Comparative Cognition: What Should We Expect and How Can We Improve?},
  author={Farrar, Benjamin G and Boeckle, Markus and Clayton, Nicola S},
  journal={Animal Behavior and Cognition},
  volume={7},
  number={1},
  pages={1},
  year={2020},
  publisher={Europe PMC Funders}
}

@article{farrar2020replications,
  title={Replications, Comparisons, Sampling and the Problem of Representativeness in Animal Behavior and Cognition Research},
  author={Farrar, Benjamin and Voudouris, Konstantinos and Clayton, Nicola},
  year={2020},
  publisher={PsyArXiv}
}

@article{volter2018comparative,
  title={Comparative psychometrics: establishing what differs is central to understanding what evolves},
  author={V{\"o}lter, Christoph J and Tinklenberg, Brandon and Call, Josep and Seed, Amanda M},
  journal={Philosophical Transactions of the Royal Society B: Biological Sciences},
  volume={373},
  number={1756},
  pages={20170283},
  year={2018},
  publisher={The Royal Society}
}

@article{haun2006evolutionary,
  title={Evolutionary psychology of spatial representations in the hominidae},
  author={Haun, Daniel BM and Call, Josep and Janzen, Gabriele and Levinson, Stephen C},
  journal={Current Biology},
  volume={16},
  number={17},
  pages={1736--1740},
  year={2006},
  publisher={Elsevier}
}

@article{call2004inferences,
  title={Inferences about the location of food in the great apes (Pan paniscus, Pan troglodytes, Gorilla gorilla, and Pongo pygmaeus).},
  author={Call, Josep},
  journal={Journal of Comparative Psychology},
  volume={118},
  number={2},
  pages={232},
  year={2004},
  publisher={American Psychological Association}
}

@article{hanus2007discrete,
  title={Discrete quantity judgments in the great apes (Pan paniscus, Pan troglodytes, Gorilla gorilla, Pongo pygmaeus): the effect of presenting whole sets versus item-by-item.},
  author={Hanus, Daniel and Call, Josep},
  journal={Journal of Comparative Psychology},
  volume={121},
  number={3},
  pages={241},
  year={2007},
  publisher={American Psychological Association}
}